%% LaTeX2e file `JohnMensah_Slides.bib'
%% generated by the `filecontents' environment
%% from source `JohnMensah_Slides' on 2022/10/25.
%%
@article{healyFuckNuance2017,
 title = {Fuck {Nuance}},
 volume = {35},
 doi = {10.1177/0735275117709046},
 number = {2},
 journal = {Sociological Theory},
 author = {Healy, Kieran},
 month = jun,
 year = {2017},
 pages = {118--127}
}
@article{lego,
 title = {Everything is awesome: Don't forget the {Lego}},
volume = {55},
doi = {10.1111/jpc.14309},
number = {8},
journal = {Journal of Paediatrics and Child Health},
author = {Tagg, Andrew and Roland, Damian and Leo, Grace SY and Knight, Katie and Goldstein, Henry and Davis, Tessa},
year = {2019},
pages = {921--923},
}
